@proceedings{jpegStd,
  editor          = {International Telecommunication Union},
  published       = {},
  series          = {},
  title           = {Information Technology - Digital Compression and Coding of Continuous-Tone Still Images - Requirements and Guidelines},
  volume          = {},
  year            = {1994}
}