@article{huffman,
title={A Method for the Construction of Minimum-Redundancy Codes},
author={David A. HUFFMAN},
year={1952},
month={September},
journal={Proceedings of the I.R.E.},
pages={1098-1101},
volume={40},
number={9}}

@article{entropy,
title={A Mathematical Theory of Communication},
author={Claude E. SHANNON},
year={1948},
journal={The Bell System Technical Journal},
volume={27},
pages={379-423, 623-656},
month={July, October}}

@online{compression,
author={Matt Mahoney},
title={Data Compression Explained},
year={2013},
url={http://mattmahoney.net/dc/dce.html},
urldate = {2023-01-19}
}

@article{jpeg,
title={THE JPEG STILL PICTURE COMPRESSION STANDARD},
author={Gregory K. Wallace},
year={1992},
journal={IEEE Transactions on Consumer Electronics},
volume={38},
number={1},
pages={xviii-xxxiv},
month={February}}

@book{code-theory,
title={Théorie des codes},
author={Jean-Guillaume Dumas and Jean-Louis Roch and Sébastien Varrette and Eric Tannier},
edition={3},
publisher={Dunod},
year={2018},
month={June},
isbn={978-2100781096}}

@article{arithmetic-coding,
  author          = {Guilhem Coq and Olivier Alata and Christian Olivier and Marc Arnaudon},
  journal         = {TAIMA},
  number          = {},
  title           = {Codage arithmétique pour la desription d'une distribution},
  volume          = {},
  year            = {2007},
  month           = {May},
  pages           = {65-71},
  note            = {hal-00367577f},
  address         = {Hammamet, Tunisie}}
